@article{DBLP:journals/tkde/PengLFLL05,
  author    = {Zhiyong Peng and
               Qing Li and
               Ling Feng and
               Xuhui Li and
               Junqiang Liu},
  title     = {Using Object Deputy Model to Prepare Data for Data Warehousing},
  journal   = {{IEEE} Trans. Knowl. Data Eng.},
  volume    = {17},
  number    = {9},
  pages     = {1274--1288},
  year      = {2005},
  url       = {https://doi.org/10.1109/TKDE.2005.154},
  doi       = {10.1109/TKDE.2005.154},
  timestamp = {Tue, 18 Jun 2019 16:48:40 +0200},
  biburl    = {https://dblp.org/rec/journals/tkde/PengLFLL05.bib},
  bibsource = {dblp computer science bibliography, https://dblp.org}
}
